<?xml version="1.0" encoding="UTF-8"?><collection xmlns="http://www.loc.gov/MARC21/slim"><record><leader>00372nam--2200145-i-4500</leader><controlfield tag="001">000035490</controlfield><controlfield tag="002">20161230</controlfield><controlfield tag="005">20161230201040</controlfield><controlfield tag="008">060222s1000------------r-----000-0-eng-d</controlfield><datafield ind1=" " ind2=" " tag="080"><subfield code="a">512.553.3(043)</subfield></datafield><datafield ind1=" " ind2=" " tag="100"><subfield code="a">Page, Annie</subfield></datafield><datafield ind1=" " ind2=" " tag="245"><subfield code="a">Theorie des anneaux associes. these</subfield></datafield><datafield ind1=" " ind2=" " tag="260"><subfield code="a">Pitiers, Universite, 1972, 97p</subfield></datafield><datafield ind1=" " ind2=" " tag="852"><subfield code="a">48487</subfield><subfield code="c">512</subfield></datafield><datafield ind1=" " ind2=" " tag="CAT"><subfield code="a">Sys</subfield><subfield code="c">20080514</subfield><subfield code="h">142824</subfield></datafield></record></collection>